
@article{liang_internet_2010,
  title = {Internet {{Development}}, {{Censorship}}, and {{Cyber Crimes}} in {{China}}},
  volume = {26},
  issn = {1043-9862, 1552-5406},
  url = {http://ccj.sagepub.com/content/26/1/103},
  doi = {10.1177/1043986209350437},
  timestamp = {2014-10-12T09:01:23Z},
  langid = {english},
  number = {1},
  journaltitle = {Journal of Contemporary Criminal Justice},
  shortjournal = {Journal of Contemporary Criminal Justice},
  author = {Liang, Bin and Lu, Hong},
  urldate = {2014-10-12},
  date = {2010-01-02},
  pages = {103--120},
  file = {Full Text PDF:///home/gjie/.zotero/zotero/tgkee5vb.default/zotero/storage/475P2B9U/Liang and Lu - 2010 - Internet Development, Censorship, and Cyber Crimes.pdf:application/pdf;Snapshot:///home/gjie/.zotero/zotero/tgkee5vb.default/zotero/storage/WWVA69UC/103.full.html:text/html}
}

@legislation{_constitution_1982,
  title = {Constitution of the {{People}}'s {{Republic}} of {{China}}},
  timestamp = {2014-10-17T21:09:13Z},
  date = {1982}
}

@unpublished{duterte_inaugural_2016,
  location = {{Rizal Ceremonial Hall, Malaca√±an, Manila}},
  title = {Inaugural Address of {{President Rodrigo Roa Duterte}}},
  url = {http://www.gov.ph/2016/06/30/inaugural-address-of-president-rodrigo-roa-duterte-june-30-2016/},
  abstract = {No leader, however strong, can succeed at anything of national importance or significance unless he has the support and cooperation of the people he is tasked to lead and sworn to serve.},
  timestamp = {2016-12-04T18:50:30Z},
  langid = {english},
  type = {Inagural {{Address}}},
  howpublished = {Inagural Address},
  author = {Duterte, Rodrigo Roa},
  urldate = {2016-12-04},
  date = {2016-06-30},
  file = {Snapshot:///home/gjie/.zotero/zotero/tgkee5vb.default/zotero/storage/A3JNQKAH/inaugural-address-of-president-rodrigo-roa-duterte-june-30-2016.html:text/html}
}

@article{sun_new_philippine_president_ties_2016,
  entrysubtype = {newspaper},
  location = {{Beijing}},
  title = {Commentary: {{All}} Eyes on New {{Philippine}} President for Repairing {{China}} Ties},
  url = {http://news.xinhuanet.com/english/2016-06/30/c_135478075.htm},
  timestamp = {2016-12-06T21:27:59Z},
  journaltitle = {Xinhua},
  author = {Sun, Ding},
  urldate = {2016-12-06},
  date = {2016-06-30},
  file = {Commentary\: All eyes on new Philippine president for repairing China ties - Xinhua | English.news.cn:///home/gjie/.zotero/zotero/tgkee5vb.default/zotero/storage/Q3DICD7D/c_135478075.html:text/html}
}

@article{xinhua_us_cold_war_not_solution_2016,
  entrysubtype = {newspaper},
  location = {{Beijing}},
  title = {Commentary: {{U}}.{{S}}. Cold-War Mentality Not Solution to {{South China Sea}} Issue},
  url = {http://news.xinhuanet.com/english/2016-07/09/c_135500532.htm},
  timestamp = {2016-12-06T21:28:50Z},
  journaltitle = {Xinhua},
  author = {{Xinhua}},
  urldate = {2016-12-06},
  date = {2016-07-19},
  file = {Commentary\: U.S. cold-war mentality not solution to South China Sea issue - Xinhua | English.news.cn:///home/gjie/.zotero/zotero/tgkee5vb.default/zotero/storage/S6EFD5VK/c_135500532.html:text/html}
}

@article{li_end_scs_farce_2016,
  entrysubtype = {newspaper},
  location = {{Beijing}},
  edition = {Xinhua},
  title = {Commentary: {{Time}} to End {{South China Sea}} Arbitration Farce},
  url = {http://news.xinhuanet.com/english/2016-07/12/c_135507809.htm},
  timestamp = {2016-12-06T23:54:23Z},
  author = {Jjiang, Jiang},
  urldate = {2016-12-06},
  date = {2016-07-12},
  file = {Commentary\: Time to end South China Sea arbitration farce - Xinhua | English.news.cn:///home/gjie/.zotero/zotero/tgkee5vb.default/zotero/storage/5KBKG5TW/c_135507809.html:text/html}
}

@article{chen_commentary_2016,
  entrysubtype = {newspaper},
  location = {{Beijing}},
  title = {Commentary: {{Japan}} Should Contribute to Promoting Peace in {{Asia}}-{{Pacific}}},
  url = {http://news.xinhuanet.com/english/2016-10/26/c_135781850.htm},
  timestamp = {2016-12-06T23:55:17Z},
  journaltitle = {Xinhua},
  author = {Chen, Shilei},
  urldate = {2016-12-06},
  date = {2016-10-26},
  file = {Commentary\: Japan should contribute to promoting peace in Asia-Pacific - Xinhua | English.news.cn:///home/gjie/.zotero/zotero/tgkee5vb.default/zotero/storage/AIA5NRD4/c_135781850.html:text/html}
}

@online{xu_watching_2016,
  title = {Watching the {{Election}} from the {{Post}}-{{Truth Future}}},
  url = {https://medium.com/@xuhulk/watching-the-election-from-the-post-truth-future-97a0d66bdcfe#.jpqu4xdss},
  abstract = {Weibo trends a story about how protesters are the real racists; what the US needs to learn about post-truth media},
  timestamp = {2016-12-07T00:04:04Z},
  journaltitle = {Medium},
  author = {Xu, Christina},
  urldate = {2016-12-07},
  date = {2016-11-75},
  file = {Snapshot:///home/gjie/.zotero/zotero/tgkee5vb.default/zotero/storage/PNBMZWBE/watching-the-election-from-the-post-truth-future-97a0d66bdcfe.html:text/html}
}


